<?xml version="1.0" encoding="UTF-8"?><collection xmlns="http://www.loc.gov/MARC21/slim"><record><leader>00541nam--2200181-i-4500</leader><controlfield tag="001">000028350</controlfield><controlfield tag="002">20161230</controlfield><controlfield tag="005">20161230201037</controlfield><controlfield tag="008">060222s1000------------r-----000-0-fre-d</controlfield><datafield ind1=" " ind2=" " tag="040"><subfield code="a">IFIN-HH</subfield></datafield><datafield ind1=" " ind2=" " tag="041"><subfield code="a">fre</subfield></datafield><datafield ind1=" " ind2=" " tag="080"><subfield code="a">015:523.75</subfield></datafield><datafield ind1="1" ind2=" " tag="100"><subfield code="a">Lemaire, Philippe</subfield></datafield><datafield ind1="1" ind2="0" tag="245"><subfield code="a">Recherches sur l`emission de la chromosphere solaire dans les raies de resonance du magnesium ionise</subfield><subfield code="b">These</subfield><subfield code="c">Philippe lemaire</subfield></datafield><datafield ind1=" " ind2=" " tag="260"><subfield code="a">Paris</subfield><subfield code="b">Faculte Des Sciences</subfield><subfield code="c">1971</subfield></datafield><datafield ind1=" " ind2=" " tag="300"><subfield code="a">95P.+ ANNEXES</subfield></datafield><datafield ind1=" " ind2=" " tag="852"><subfield code="a">38093</subfield><subfield code="c">523</subfield></datafield><datafield ind1=" " ind2=" " tag="CAT"><subfield code="a">Sys</subfield><subfield code="c">20130829</subfield><subfield code="h">141621</subfield></datafield></record></collection>